@article{aydin2023,
  title = {Drone {{Detection Using YOLOv5}}},
  author = {Aydin, Burchan and Singha, Subroto},
  year = {2023},
  month = feb,
  journal = {Eng},
  volume = {4},
  number = {1},
  pages = {416--433},
  issn = {2673-4117},
  doi = {10.3390/eng4010025},
  urldate = {2023-10-10},
  langid = {english}
}

@article{bie2023,
  title = {Real-time vehicle detection algorithm based on a lightweight {{You-Only-Look-Once}} ({{YOLOv5n-L}}) approach},
  author = {Bie, Minglin and Liu, Yanyan and Li, Guoning and Hong, Jintao and Li, Jin},
  year = {2023},
  month = mar,
  journal = {Expert Systems with Applications},
  volume = {213},
  pages = {119108},
  issn = {09574174},
  doi = {10.1016/j.eswa.2022.119108},
  urldate = {2023-10-10},
  langid = {english}
}

@incollection{chaar2005,
  title = {Filtering for {{Profile-Biased Multi-document Summarization}}},
  booktitle = {Advances in {{Information Retrieval}}},
  author = {Ch{\^a}ar, Sana Leila and Ferret, Olivier and Fluhr, Christian},
  editor = {Hutchison, David and Kanade, Takeo and Kittler, Josef and Kleinberg, Jon M. and Mattern, Friedemann and Mitchell, John C. and Naor, Moni and Nierstrasz, Oscar and Pandu Rangan, C. and Steffen, Bernhard and Sudan, Madhu and Terzopoulos, Demetri and Tygar, Dough and Vardi, Moshe Y. and Weikum, Gerhard and Losada, David E. and {Fern{\'a}ndez-Luna}, Juan M.},
  year = {2005},
  volume = {3408},
  pages = {127--141},
  publisher = {{Springer Berlin Heidelberg}},
  address = {{Berlin, Heidelberg}},
  doi = {10.1007/978-3-540-31865-1_10},
  urldate = {2023-10-12},
  isbn = {978-3-540-25295-5 978-3-540-31865-1}
}

@inproceedings{girshick1994,
  title = {Feature hierarchies for accurate object detection and semantic segmentation},
  booktitle = {Proc. of the {{IEEE}} conf. on computer vision and pattern recognition},
  author = {Girshick, R and Donahue, J and Darrell, T and Rich, J Malik},
  year = {1994},
  pages = {580--587}
}

@inproceedings{girshick2015,
  title = {Fast {{R-CNN}}},
  booktitle = {Proceedings of the {{IEEE}} international conference on computer vision ({{ICCV}})},
  author = {Girshick, Ross},
  year = {2015},
  month = dec
}

@incollection{goutte2005,
  title = {A {{Probabilistic Interpretation}} of {{Precision}}, {{Recall}} and {{F-Score}}, with {{Implication}} for {{Evaluation}}},
  booktitle = {Advances in {{Information Retrieval}}},
  author = {Goutte, Cyril and Gaussier, Eric},
  editor = {Hutchison, David and Kanade, Takeo and Kittler, Josef and Kleinberg, Jon M. and Mattern, Friedemann and Mitchell, John C. and Naor, Moni and Nierstrasz, Oscar and Pandu Rangan, C. and Steffen, Bernhard and Sudan, Madhu and Terzopoulos, Demetri and Tygar, Dough and Vardi, Moshe Y. and Weikum, Gerhard and Losada, David E. and {Fern{\'a}ndez-Luna}, Juan M.},
  year = {2005},
  volume = {3408},
  pages = {345--359},
  publisher = {{Springer Berlin Heidelberg}},
  address = {{Berlin, Heidelberg}},
  doi = {10.1007/978-3-540-31865-1_25},
  urldate = {2023-10-12},
  isbn = {978-3-540-25295-5 978-3-540-31865-1}
}

@misc{jocher2020,
  title = {{{YOLOv5}} by {{Ultralytics}}},
  author = {Jocher, Glenn},
  year = {2020},
  month = may,
  doi = {10.5281/zenodo.3908559},
  urldate = {2023-10-10},
  copyright = {AGPL-3.0}
}

@misc{jocher2023,
  title = {{{YOLO}} by {{Ultralytics}}},
  author = {Jocher, Glenn and Chaurasia, Ayush and Qiu, Jing},
  year = {2023},
  month = jan,
  url = {https://github.com/ultralytics/ultralytics},
  urldate = {2023-10-10},
  copyright = {AGPL-3.0}
}

@misc{kovacevic,
  title = {Esports},
  author = {Kovacevic, Aleksandar},
  journal = {game},
  url = {https://www.game.de/en/esport/},
  urldate = {2023-10-06},
  langid = {english},
  file = {/Users/jonathan/Zotero/storage/D6JEQ4KP/esport.html}
}

@incollection{lin2014,
  title = {Microsoft {{COCO}}: {{Common Objects}} in {{Context}}},
  shorttitle = {Microsoft {{COCO}}},
  booktitle = {Computer {{Vision}} \textendash{} {{ECCV}} 2014},
  author = {Lin, Tsung-Yi and Maire, Michael and Belongie, Serge and Hays, James and Perona, Pietro and Ramanan, Deva and Doll{\'a}r, Piotr and Zitnick, C. Lawrence},
  editor = {Fleet, David and Pajdla, Tomas and Schiele, Bernt and Tuytelaars, Tinne},
  year = {2014},
  volume = {8693},
  pages = {740--755},
  publisher = {{Springer International Publishing}},
  address = {{Cham}},
  doi = {10.1007/978-3-319-10602-1_48},
  urldate = {2023-10-10},
  isbn = {978-3-319-10601-4 978-3-319-10602-1},
  langid = {english}
}

@article{majumder2023,
  title = {Automated {{Vehicle Counting}} from {{Pre-Recorded Video Using You Only Look Once}} ({{YOLO}}) {{Object Detection Model}}},
  author = {Majumder, Mishuk and Wilmot, Chester},
  year = {2023},
  month = jun,
  journal = {Journal of Imaging},
  volume = {9},
  number = {7},
  pages = {131},
  issn = {2313-433X},
  doi = {10.3390/jimaging9070131},
  urldate = {2023-10-10},
  langid = {english}
}

@inproceedings{redmon2016,
  title = {You only look once: {{Unified}}, real-time object detection},
  booktitle = {Proceedings of the {{IEEE}} conference on computer vision and pattern recognition ({{CVPR}})},
  author = {Redmon, Joseph and Divvala, Santosh and Girshick, Ross and Farhadi, Ali},
  year = {2016},
  month = jun
}

@misc{riotgames-valorant,
  title = {Valorant},
  author = {Riot Games},
  url = {https://playvalorant.com/},
  urldate = {2023-10-06},
  langid = {english},
  file = {/Users/jonathan/Zotero/storage/RI4QH3UY/en-us.html}
}

@misc{riotgames-vct,
  title = {Valorant {{Esports}}},
  author = {Riot Games},
  url = {https://valorantesports.com/},
  urldate = {2023-10-06},
  file = {/Users/jonathan/Zotero/storage/FZNTLPHF/valorantesports.com.html}
}

@misc{river2021,
  title = {I tried to make a {{Valorant AI}} using computer vision},
  author = {River's Education Channel},
  year = {2021},
  month = may,
  url = {https://www.youtube.com/watch?v=LXA7zXVz8A4},
  urldate = {2023-10-06},
  file = {/Users/jonathan/Zotero/storage/EV7TCIDC/watch.html}
}

@incollection{skopal2005,
  title = {Modified {{LSI Model}} for {{Efficient Search}} by {{Metric Access Methods}}},
  booktitle = {Advances in {{Information Retrieval}}},
  author = {Skopal, Tom{\'a}{\v s} and Moravec, Pavel},
  editor = {Hutchison, David and Kanade, Takeo and Kittler, Josef and Kleinberg, Jon M. and Mattern, Friedemann and Mitchell, John C. and Naor, Moni and Nierstrasz, Oscar and Pandu Rangan, C. and Steffen, Bernhard and Sudan, Madhu and Terzopoulos, Demetri and Tygar, Dough and Vardi, Moshe Y. and Weikum, Gerhard and Losada, David E. and {Fern{\'a}ndez-Luna}, Juan M.},
  year = {2005},
  volume = {3408},
  pages = {245--259},
  publisher = {{Springer Berlin Heidelberg}},
  address = {{Berlin, Heidelberg}},
  doi = {10.1007/978-3-540-31865-1_18},
  urldate = {2023-10-12},
  isbn = {978-3-540-25295-5 978-3-540-31865-1}
}

@misc{spike2023,
  title = {Spike},
  year = {2023},
  month = oct,
  journal = {Valorant Wiki},
  url = {https://valorant.fandom.com/wiki/Spike},
  urldate = {2023-10-09},
  langid = {english},
  file = {/Users/jonathan/Zotero/storage/M658D4RV/Spike.html}
}

@article{terven2023,
  title = {A {{Comprehensive Review}} of {{YOLO}}: {{From YOLOv1}} and {{Beyond}}},
  shorttitle = {A {{Comprehensive Review}} of {{YOLO}}},
  author = {Terven, Juan and {Cordova-Esparza}, Diana},
  year = {2023},
  publisher = {{arXiv}},
  doi = {10.48550/ARXIV.2304.00501},
  urldate = {2023-10-10},
  copyright = {Creative Commons Attribution 4.0 International}
}

@misc{twitch,
  title = {{Twitch}},
  journal = {Twitch},
  url = {https://www.twitch.tv/},
  urldate = {2023-10-14},
  langid = {ngerman},
  file = {/Users/jonathan/Zotero/storage/D6GSKFZH/www.twitch.tv.html}
}

@misc{ultralytics,
  title = {Ultralytics | {{Revolutionizing}} the {{World}} of {{Vision AI}}},
  url = {https://www.ultralytics.com/},
  urldate = {2023-10-10},
  file = {/Users/jonathan/Zotero/storage/E42ZN2YB/www.ultralytics.com.html}
}

@misc{unrated2023,
  title = {Unrated},
  year = {2023},
  month = oct,
  journal = {Valorant Wiki},
  url = {https://valorant.fandom.com/wiki/Unrated},
  urldate = {2023-10-09},
  langid = {english},
  file = {/Users/jonathan/Zotero/storage/MJVXS63N/Unrated.html}
}

@misc{valVideo2023,
  title = {{PRX vs EG - VALORANT Champions - Knockouts}},
  author = {Riot Games},
  year = {2023},
  month = aug,
  journal = {Twitch},
  url = {https://www.twitch.tv/videos/1907425469},
  urldate = {2023-10-14},
  langid = {ngerman},
  file = {/Users/jonathan/Zotero/storage/PXMN48LT/1907425469.html}
}

@article{weiss2016,
  title = {A survey of transfer learning},
  author = {Weiss, Karl and Khoshgoftaar, Taghi M. and Wang, DingDing},
  year = {2016},
  month = dec,
  journal = {Journal of Big Data},
  volume = {3},
  number = {1},
  pages = {9},
  issn = {2196-1115},
  doi = {10.1186/s40537-016-0043-6},
  urldate = {2023-10-12},
  langid = {english}
}

@misc{ytdlp2023,
  title = {yt-dlp},
  year = {2023},
  month = oct,
  url = {https://github.com/yt-dlp/yt-dlp},
  urldate = {2023-10-14},
  copyright = {Unlicense},
  howpublished = {yt-dlp}
}

@article{zheng2022,
  title = {Video {{Analysis}} in {{Sports}} by {{Lightweight Object Detection Network}} under the {{Background}} of {{Sports Industry Development}}},
  author = {Zheng, Yifei and Zhang, Hongling},
  editor = {Kumar, Vijay},
  year = {2022},
  month = aug,
  journal = {Computational Intelligence and Neuroscience},
  volume = {2022},
  pages = {1--10},
  issn = {1687-5273, 1687-5265},
  doi = {10.1155/2022/3844770},
  urldate = {2023-10-10},
  langid = {english}
}
